@article{tskit2021tskit,
  title={Tskit: a portable library for population scale genealogical analysis},
  author={{Tskit developers}},
  journal={In preparation},
  year={2022},
}

@article{kelleher2016efficient,
  title={Efficient coalescent simulation and genealogical analysis for large sample sizes},
  author={Kelleher, Jerome and Etheridge, Alison M and McVean, Gilean},
  journal={PLoS computational biology},
  volume={12},
  number={5},
  pages={e1004842},
  year={2016},
  publisher={Public Library of Science}
}

@article{kelleher2018efficient,
    author = {Kelleher, Jerome AND Thornton, Kevin R. AND Ashander, Jaime AND
        Ralph, Peter L.},
    journal = {PLoS Computational Biology},
    publisher = {Public Library of Science},
    title = {Efficient pedigree recording for fast population genetics simulation},
    year = {2018},
    month = {11},
    volume = {14},
    pages = {1-21},
    number = {11},
}

@article{haller2018tree,
    title={Tree-sequence recording in {SLiM} opens new horizons for
        forward-time simulation of whole genomes},
    author={Haller, Benjamin C and Galloway, Jared and Kelleher, Jerome and
        Messer, Philipp W and Ralph, Peter L},
    journal={Molecular ecology resources},
    year={2018},
    publisher={Wiley Online Library}
}

@article{kelleher2019inferring,
  author = {Kelleher, Jerome and Wong, Yan and Wohns, Anthony W. 
      and Fadil, Chaimaa and Albers, Patrick K. and McVean, Gil},
  journal = {Nature Genetics},
  keywords = {methods tree_sequence tree_sequence_inference},
  number = 9,
  pages = {1330--1338},
  title = {Inferring whole-genome histories in large population datasets},
  volume = 51,
  year = 2019
}

@article{wohns2021unified,
    title={A unified genealogy of modern and ancient genomes},
    author={Wohns, Anthony Wilder and Wong, Yan and Jeffery, Ben and
        Akbari, Ali and Mallick, Swapan and Pinhasi, Ron and Patterson,
        Nick and Reich, David and Kelleher, Jerome and McVean, Gil},
    journal={bioRxiv},
    year={2021},
    publisher={Cold Spring Harbor Laboratory}
}

@article{mcvean2005approximating,
    author ={Gilean A. T. McVean and Niall J. Cardin},
    title = {Approximating the coalescent with recombination}, 
    year = {2005},
    journal = {Philos Trans R Soc Lond B Biol Sci},
    volume = {360},
    pages = {1387--1393},
}

@article{marjoram2006fast,
    author ={Paul Marjoram and Jeff D Wall},
    title = {Fast ``coalescent'' simulation}, 
    year = {2006},
    journal = {BMC Genet},
    volume = {7},
    pages = {16},
}

@article{kingman1982genealogy,
    title={On the genealogy of large populations},
    author={Kingman, John FC},
    journal={Journal of applied probability},
    volume={19},
    number={A},
    pages={27--43},
    year={1982},
    publisher={Cambridge University Press}
}

@article{kingman1982coalescent,
    title={The coalescent},
    author={Kingman, John F. C.},
    journal={Stochastic processes and their applications},
    volume={13},
    number={3},
    pages={235--248},
    year={1982},
    publisher={Elsevier}
}

@article {tajima1983evolutionary,
	author = {Tajima, Fumio},
	title = {Evolutionary relationship of {DNA} sequences in finite populations},
	volume = {105},
	number = {2},
	pages = {437--460},
	year = {1983},
	publisher = {Genetics},
	issn = {0016-6731},
	journal = {Genetics}
}

@article{hudson1990gene,
    author = {Richard R. Hudson},
    title = {Gene genealogies and the coalescent process},
    journal = {Oxford Surveys in Evolutionary Biology},
    year = {1990},
    volume = {7},
    pages = {1-44},
}

@article{hudson1983testing,
    title = {Testing the Constant-Rate Neutral Allele Model with Protein Sequence Data},
    author = {Richard R. Hudson},
    journal = {Evolution}, 
    year = {1983},
    volume = {37},
    number = {1}, 
    pages = {203--217},
}

@article{hudson1983properties,
    title = {Properties of a neutral allele model with intragenic recombination},
    author = {Richard R. Hudson},
    journal = {Theoretical Population Biology}, 
    year = {1983},
    volume = {23},
    pages = {183--201},
}

@article{kaplan1985use,
    title = {The use of sample genealogies for studying a selectively neutral 
        $m$-loci model with recombination},
    author = {Norman Kaplan and Richard R. Hudson},
    journal = {Theoretical Population Biology}, 
    year = {1985},
    volume = {28},
    pages = {382--396},
}

@book{wakely2008coalescent,
    author = {Wakeley, John},
    title = {Coalescent theory: an introduction},
    year = {2008},
    address = {Englewood, Colorado},
    publisher = {Roberts and Company},
}


@article{griffiths1991two,
    title={The two-locus ancestral graph},
    author={Griffiths, Robert C},
    journal={Lecture Notes-Monograph Series},
    volume={18},
    pages={100--117},
    year={1991},
}

@incollection{griffiths1997ancestral,
    author = {Robert C Griffiths and Paul Marjoram},
    title = {An ancestral recombination graph},
    editor = {Donnelly, P. and Tavar\'e, S.},
    booktitle = {Progress in Population Genetics and Human Evolution, 
        IMA Volumes in Mathematics and its Applications},
    volume = {87},
    publisher = {Springer-Verlag},
    address = {Berlin},
    year = {1997},
    pages = {257--270},
}

@article{wiuf1999recombination,
    author ={Carsten Wiuf and Jotun Hein},
    title = {Recombination as a Point Process along Sequences}, 
    year = {1999},
    journal = {Theoretical Population Biology},
    volume = {55},
    number = {3},
    pages = {248--259},
}

@article{wiuf1999ancestry,
    title={The ancestry of a sample of sequences subject to recombination},
    author={Wiuf, Carsten and Hein, Jotun},
    journal={Genetics},
    volume={151},
    number={3},
    pages={1217--1228},
    year={1999},
}

@article{wang2014new,
    title={A new method for modeling coalescent processes with recombination},
    author={Wang, Ying and Zhou, Ying and Li, Linfeng and Chen, 
        Xian and Liu, Yuting and Ma, Zhi-Ming and Xu, Shuhua},
    journal={BMC Bioinformatics},
    volume={15},
    number={1},
    pages={273},
    year={2014},
}

@article{donnelly1999particle,
    title={Particle representations for measure-valued population models},
    author={Donnelly, Peter and Kurtz, Thomas G},
    journal={Ann Probab},
    volume={27},
    number={1},
    pages={166--205},
    year={1999},
}

@article{haller2019slim,
    title={{SLiM} 3: forward genetic simulations beyond the {Wright--Fisher}
        model},
    author={Haller, Benjamin C and Messer, Philipp W},
    journal={Molecular biology and evolution},
    volume={36},
    number={3},
    pages={632--637},
    year={2019},
    publisher={Oxford University Press}
}

@article{speidel2019method,
    author = {Speidel, Leo and Forest, Marie and Shi, Sinan and Myers, Simon R.},
    journal = {Nature Genetics},
    number = {9},
    pages = {1321--1329},
    title = {A method for genome-wide genealogy estimation for thousands of samples},
    volume = {51},
    year = {2019}
}

@article{harris2019database,
    title={From a database of genomes to a forest of evolutionary trees},
    author={Harris, Kelley},
    journal={Nature genetics},
    volume={51},
    number={9},
    pages={1306--1307},
    year={2019},
    publisher={Nature Publishing Group}
}

@article{tang2019genealogy,
    title={Genealogy at the genome scale},
    author={Tang, Lin},
    journal={Nature methods},
    volume={16},
    number={11},
    pages={1077--1077},
    year={2019},
}

@article{wilton2015smc,
    title={The {SMC'} is a highly accurate approximation to the ancestral
        recombination graph},
    author={Wilton, Peter R and Carmi, Shai and Hobolth, Asger},
    journal={Genetics},
    volume={200},
    number={1},
    pages={343--355},
    year={2015},
    publisher={Genetics Soc America}
}

@article{wiuf2000coalescent,
    title={The coalescent with gene conversion},
    author={Wiuf, Carsten and Hein, Jotun},
    journal={Genetics},
    volume={155},
    number={1},
    pages={451--462},
    year={2000},
    publisher={Genetics Soc America}
}

@article{kuhner2000maximum,
    title={Maximum likelihood estimation of recombination rates from
        population data},
    author={Kuhner, Mary K and Yamato, Jon and Felsenstein, Joseph},
    journal={Genetics},
    volume={156},
    number={3},
    pages={1393--1401},
    year={2000},
    publisher={Genetics Soc America}
}

@article{minichiello2006mapping,
    title={Mapping trait loci by use of inferred ancestral recombination
        graphs},
    author={Minichiello, Mark J and Durbin, Richard},
    journal={The American Journal of Human Genetics},
    volume={79},
    number={5},
    pages={910--922},
    year={2006},
    publisher={Elsevier}
}

@article{rasmussen2014genome,
    title={Genome-wide inference of ancestral recombination graphs},
    author={Rasmussen, Matthew D and Hubisz, Melissa J and Gronau, Ilan and
        Siepel, Adam},
    journal={PLoS genetics},
    volume={10},
    number={5},
    pages={e1004342},
    year={2014},
    publisher={Public Library of Science}
}

@article{zheng2014bayesian,
    title={Bayesian inference of local trees along chromosomes by the sequential Markov coalescent},
    author={Zheng, Chaozhi and Kuhner, Mary K and Thompson, Elizabeth A},
    journal={Journal of molecular evolution},
    volume={78},
    number={5},
    pages={279--292},
    year={2014},
    publisher={Springer}
}

@book{hein2004gene,
    title={Gene genealogies, variation and evolution: a primer in coalescent
        theory},
    author={Hein, Jotun and Schierup, Mikkel and Wiuf, Carsten},
    year={2004},
    publisher={Oxford University Press, USA}
}

@article{felsenstein1989phylip,
    author ={Joseph Felsenstein},
    title = {{PHYLIP}---phylogeny inference package (version 3.2)},
    year = {1989},
    journal = {Cladistics},
    volume = {5},
    pages = {164--166},
}

@article{ralph2020efficiently,
    title={Efficiently summarizing relationships in large samples: a general
        duality between statistics of genealogies and genomes},
    author={Ralph, Peter and Thornton, Kevin and Kelleher, Jerome},
    journal={Genetics},
    volume={215},
    number={3},
    pages={779--797},
    year={2020},
    publisher={Oxford University Press}
}

@article{mathieson2020ancestry,
    title={What is ancestry?},
    author={Mathieson, Iain and Scally, Aylwyn},
    journal={PLoS Genetics},
    volume={16},
    number={3},
    pages={e1008624},
    year={2020},
    publisher={Public Library of Science San Francisco, CA USA}
}

@article{ethier1990two,
    title={On the two-locus sampling distribution},
    author={Ethier, SN and Griffiths, RC},
    journal={Journal of Mathematical Biology},
    volume={29},
    number={2},
    pages={131--159},
    year={1990},
    publisher={Springer}
}

@article{mirzaei2016rent,
    title={{RENT+}: an improved method for inferring local genealogical trees
        from haplotypes with recombination},
    author={Mirzaei, Sajad and Wu, Yufeng},
    journal={Bioinformatics},
    volume={33},
    number={7},
    pages={1021--1030},
    year={2016},
    publisher={Oxford University Press}
}

@article{cardona2008extended,
    author = {Gabriel Cardona and Francesc Rossell\'o and Gabriel Valiente},
    title = {Extended {Newick}: it is time for a standard 
        representation of phylogenetic networks}, 
    year = {2008},
    journal = {BMC Bioinformatics},
    volume = {9},
    pages = {532},
}

@article{mcgill2013graphml,
    title={{GraphML} specializations to codify ancestral recombinant graphs},
    author={McGill, James R and Walkup, Elizabeth A and Kuhner, Mary K},
    journal={Fron Genet},
    volume={4},
    pages = {146},
    year={2013},
}

@article{schaefer2021ancestral,
    title={An ancestral recombination graph of human, {N}eanderthal, and
        {D}enisovan genomes},
    author={Schaefer, Nathan K and Shapiro, Beth and Green, Richard E},
    journal={Science Advances},
    volume={7},
    number={29},
    pages={eabc0776},
    year={2021},
    publisher={American Association for the Advancement of
        Science}
}

@article{osmond2021estimating,
    title={Estimating dispersal rates and locating genetic ancestors with
        genome-wide genealogies},
    author={Osmond, Matthew and Coop, Graham},
    journal={bioRxiv},
    year={2021},
    publisher={Cold Spring Harbor Laboratory}
}

@article{speidel2021inferring,
    title={Inferring Population Histories for Ancient Genomes Using
        Genome-Wide Genealogies},
    author={Speidel, Leo and Cassidy, Lara and Davies, Robert W and
        Hellenthal, Garrett and Skoglund, Pontus and Myers, Simon R},
    journal={Molecular Biology and Evolution},
    year={2021},
}

@article{morrison2016genealogies,
  title={Genealogies: Pedigrees and phylogenies are reticulating networks not just divergent trees},
  author={Morrison, David A},
  journal={Evolutionary biology},
  volume={43},
  number={4},
  pages={456--473},
  year={2016},
  publisher={Springer}
}
